% @book{atalho,
%   author    = {Autor}, 
%   title     = {Nome do livro},
%   publisher = {Editora},
%   year      = {ano},
%   volume    = {volume},
%   series    = {serie},
%   address   = {Endereço},
%   edition   = {edição},
%   month     = {mês},
%   note      = {Anotação},
%   isbn      = {ISBN}
% }

@boot{capelli13,
  author    = {Alexandre Capelli},
  title     = {Energia Elétrica: Qualidade e Eficiência para Aplicações Industriais},
  edition   = {1},
  publisher = {Érica},
  address   = {São Paulo, SP},
  year      = {2013},
  isbn      = {978-85-365-0467-7}
}
@article{epe17,
  author    = {EPE},
  title     = {Projeção da demanda de energia elétrica: para os próximos 10 anos (2017-2026)},
  journal   = {Brasil: Ministério de Minas e Energia},
  address   = {Rio de Janeiro},
  month     = {Janeiro},
  year      = {2017}
  
}
@misc{mme17,
  author    = {Brasil},
  ttile     = {Ministério de Minas e Energia},
  year      = {2017},
  url       = {http://www.mme.gov.br/web/guest/pagina-inicial/outras-noticas/-/asset_publisher/32hLrOzMKwWb/content/renovaveis-devemmanter-participacao-de-43-na-matriz-energetica-em-2017}
}
@misc{epe18,
  author    = {EPE},
  ttile     = {Empresa de Pesquisa Energética},
  year      = {2018},
  url       = {http://www.epe.gov.br/pt}
}
@misc{pac18,
  author    = {Brasil},
  ttile     = {Ministério do Planejamento},
  year      = {2018},
  url       = {http://www.pac.gov.br/noticia/13554306}
}